% This file was created with JabRef 2.4.2.
% Encoding: UTF8

@BOOKLET{Entgeldtabelle,
  title = {{Tarifinfos Metall- und Elektroindustrie Bayern}},
  author = {{igmetall-bayern.de}},
  lastchecked = {22.04.2020},
  url = {https://www.igmetall-bayern.de/metall-elektro/}
}

@BOOKLET{EntgeldtabelleAzubis,
  title = {{Metall- und Elektroindustrie ERA – Ausbildungsvergütungen}},
  author = {{igmetall.de}},
  lastchecked = {22.04.2020},
  url = {https://www.igmetall.de/download/docs_MuE_ERA_Ausbildung_Juni2018_9bdc083c9c0ed885c63bd1b076830a817eaec814.pdf}
}

@BOOKLET{Personalkosten,
  title = {{Vollständige Ermittlung von Personalkosten}},
  author = {{Dr. Peter Hoberg}},
  lastchecked = {22.04.2020},
  url = {https://www.controllingportal.de/Fachinfo/Kostenrechnung/Vollstaendige-Ermittlung-von-Personalkosten.html}
}